<record><leader>00000cas a22000007a 4500</leader><controlfield tag="001">21981214</controlfield><controlfield tag="008">900709d19611988nhuwr ne      0    0eng d</controlfield><datafield ind1=" " ind2=" " tag="010"><subfield code="a">sn 90062319 </subfield></datafield><datafield ind1=" " ind2=" " tag="040"><subfield code="a">NVH</subfield><subfield code="b">eng</subfield><subfield code="c">NVH</subfield><subfield code="d">OCLCQ</subfield></datafield><datafield ind1=" " ind2=" " tag="042"><subfield code="a">msc</subfield></datafield><datafield ind1="0" ind2=" " tag="130"><subfield code="a">Messenger (Hillsborough, N.H.: 1961)</subfield></datafield><datafield ind1="1" ind2="0" tag="245"><subfield code="a">Messenger.</subfield></datafield><datafield ind1=" " ind2=" " tag="260"><subfield code="a">Hillsborough, N.H. :</subfield><subfield code="b">Messenger Pub. and Print.</subfield></datafield><datafield ind1=" " ind2=" " tag="300"><subfield code="a">v.</subfield></datafield><datafield ind1=" " ind2=" " tag="310"><subfield code="a">Weekly</subfield></datafield><datafield ind1="0" ind2=" " tag="362"><subfield code="a">Vol. 93, no. 31 (Aug. 3, 1961)-120th year, no. 20 (May 19, 1988).</subfield></datafield><datafield ind1=" " ind2=" " tag="580"><subfield code="a">Issued with: New Hampshire town crier.</subfield></datafield><datafield ind1=" " ind2=" " tag="752"><subfield code="a">United States</subfield><subfield code="b">New Hampshire</subfield><subfield code="c">Hillsborough</subfield><subfield code="d">Hillsborough.</subfield></datafield><datafield ind1="1" ind2=" " tag="777"><subfield code="t">New Hampshire town crier</subfield><subfield code="w">(DLC)sn 90062108</subfield></datafield><datafield ind1="0" ind2="0" tag="780"><subfield code="t">Hillsborough messenger Kearsarge independent</subfield><subfield code="w">(DLC)sn 90062596</subfield></datafield><datafield ind1="0" ind2="0" tag="785"><subfield code="t">Messenger outlook</subfield><subfield code="w">(DLC)sn 90062318</subfield></datafield></record>